@preamble{ "\newcommand{\noopsort}[1]{} "
	# "\newcommand{\printfirst}[2]{#1} "
	# "\newcommand{\singleletter}[1]{#1} "
	# "\newcommand{\switchargs}[2]{#2#1} " }

European Conference of Networks and Communication, 2018. EC Launches 5G PPP Phase 3 With Three New Projects. [online] Available at: <https://5g-ppp.eu/ec-launches-5g-ppp-phase-3-with-three-new-projects/>.

@misc{alessandro_bedeschi_2018,
  author       = "Alessandro Bedeschi",
  title        = {{EC Launches 5G PPP Phase 3 With Three New Projects}},
  month        = jun,
  year         = 2018,
  address = "Ljubljana",
  organization = {{European Conference on Networks and Communications}},
  url          = {https://5g-ppp.eu/ec-launches-5g-ppp-phase-3-with-three-new-projects/}
}

@misc{ict-17-2018,
  author       = "European Commission",
  title        = {{Horizon 2020 - Work Programme 2018-2020: Information and Communication Technologies}},
  pages        = 64,
  month        = jun,
  year         = 2018,
  organization = {{European Comission}},
  url          = {https://ec.europa.eu/research/participants/data/ref/h2020/wp/2018-2020/main/h2020-wp1820-leit-ict_en.pdf}
}

@article{OrdonezLucena2017NetworkSF,
  title={Network Slicing for 5G with SDN/NFV: Concepts, Architectures, and Challenges},
  author={Jose Ordonez-Lucena and P. Ameigeiras and D. L{\'o}pez and J. Ramos-Mu{\~n}oz and J. Lorca and Jes{\'u}s Folgueira},
  journal={IEEE Communications Magazine},
  year={2017},
  volume={55},
  pages={80-87}
}

@misc{5gvinni-site-map,
    url= {https://www.5g-vinni.eu/facility-site/}
}

@misc{ettus-n310,
    url= {https://www.ettus.com/all-products/usrp-n310/}
}

@misc{5gvinni-site,
    url= {https://5g-ppp.eu/5g-vinni/}
}

@misc{5ginfire,
    url= {https://5ginfire.eu/}
}

@misc{xtrx-io,
    url= {https://xtrx.io}
}

@TECHREPORT{3GPP_TS_28.533,
   author = "Jan Groenendijk",
   title = {{Management and orchestration; Architecture framework}},
   institution = "3rd Generation Partnership Project",
   type = "Technical Specification",
   address = "Ericsson LM",
   month = jan,
   year = 2018,
}

@TECHREPORT{rel-15,
   author = "Alain Sultan",
   title = {{Release description; Release 15}},
   institution = "European Telecommunications Standards Institute",
   type = "Technical Report",
   address = "3rd Generation Partnership Project",
   month = mar,
   year = 2018
}

@TECHREPORT{3GPP_TR_38.912,
   author = "Kazuaki Takeda",
   title = {{Study on New Radio (NR) access technology}},
   institution = "3rd Generation Partnership Project",
   type = "Technical report ",
   address = "NTT DOCOMO INC.",
   month = jul,
   year = 2018,
}


@ARTICLE{7891795,
  author={O. {Sallent} and J. {Perez-Romero} and R. {Ferrus} and R. {Agusti}},
  journal={IEEE Wireless Communications}, 
  title={On Radio Access Network Slicing from a Radio Resource Management Perspective}, 
  year={2017},
  volume={24},
  number={5},
  pages={166-174}}


@ARTICLE{8419198,
  author={O. {Adamuz-Hinojosa} and J. {Ordonez-Lucena} and P. {Ameigeiras} and J. J. {Ramos-Munoz} and D. {Lopez} and J. {Folgueira}},
  journal={IEEE Communications Magazine}, 
  title={Automated Network Service Scaling in NFV: Concepts, Mechanisms and Scaling Workflow}, 
  year={2018},
  volume={56},
  number={7},
  pages={162-169}}

@TECHREPORT{3GPP_TR_22.891,
   author = "Adrian Neal",
   title = {{Study on new services and markets technology enablers}},
   institution = "3rd Generation Partnership Project",
   type = "Technical report",
   address = "VODAFONE Group Plc",
   month = sep,
   year = 2016,
}

@TECHREPORT{3GPP_TS_23.501,
   author = "Devaki Chandramouli and Tao Sun",
   title = {{System architecture for the 5G System (5GS)}},
   institution = "3rd Generation Partnership Project",
   type = "Technical specification",
   address = "Nokia Germany and China Mobile US Research Center",
   month = mar,
   year = 2015,
}

@TECHREPORT{3GPP_TS_23.502,
   author = "Peter Hedman and Tao Sun",
   title = {{Procedures for the 5G System (5GS)}},
   institution = "3rd Generation Partnership Project",
   type = "Technical specification",
   address = "Ericsson LM and China Mobile US Research Center",
   month = dec,
   year = 2016,
}

@TECHREPORT{3GPP_TS_23.503,
   author = "Mirko Schramm",
   title = {{Policy and charging control framework for the 5G System (5GS); Stage 2}},
   institution = "3rd Generation Partnership Project",
   type = "Technical specification",
   address = "HUAWEI TECHNOLOGIES Co. Ltd.",
   month = sep,
   year = 2017,
}

@TECHREPORT{3GPP_TS_28.530,
   author = "Lan Zou",
   title = {{Management and orchestration; Concepts, use cases and requirements}},
   institution = "3rd Generation Partnership Project",
   type = "Technical specification",
   address = "HUAWEI TECHNOLOGIES Co. Ltd.",
   month = jun,
   year = 2017,
}

@TECHREPORT{3GPP_TS_28.554,
   author = "Xiaowen Sun",
   title = {{Management and orchestration; 5G end to end Key Performance Indicators (KPI)}},
   institution = "3rd Generation Partnership Project",
   type = "Technical specification",
   address = "China Mobile Research Inst.",
   month = jan,
   year = 2018,
}

@TECHREPORT{3GPP_TR_38.801,
   author = "Anil Umesh",
   title = {{Study on new radio access technology: Radio access architecture and interfaces}},
   institution = "3rd Generation Partnership Project",
   type = "Technical report",
   address = "NTT DOCOMO INC.",
   month = mar,
   year = 2016,
}

@ARTICLE{european_5G_journal_2020,
   author = {Colin Willcock},
   title = {{Assessing the 5G research and development investment Leverage Factor}},
   journal = {The European 5G Annual Journal 2020},
   year = 2020,
   pages = "101",
   month = may,
}

@TECHREPORT{view_5g_architecture_v2,
   author = {{5G PPP Architecture Working Group}},
   title = {{View on 5G Architecture, Revision 2.0}},
   institution = {{5G PPP Architecture Working Group}},
   type = "Technical Report",
   month = dec,
   year = 2017,
   url={https://5g-ppp.eu/wp-content/uploads/2018/01/5G-PPP-5G-Architecture-White-Paper-Jan-2018-v2.0.pdf}
}

@TECHREPORT{ETSI_GS_NFV-MAN_001,
   author = {{European Telecommunications Standards Institute}},
   title = {{Network Functions Virtualisation (NFV); Management and Orchestration}},
   institution = {{European Telecommunications Standards Institute}},
   type = "Group Specification",
   month = dec,
   year = 2014,
   url="https://www.etsi.org/deliver/etsi_gs/NFV-MAN/001_099/001/01.01.01_60/gs_NFV-MAN001v010101p.pdf"
}

@TECHREPORT{ETSI_GS_NFV-IFA_030,
   author = {{European Telecommunications Standards Institute}},
   title = {{Network Functions Virtualisation (NFV) Release 3; Management and Orchestration; Multiple Administrative Domain Aspect Interfaces Specification}},
   institution = {{European Telecommunications Standards Institute}},
   type = "Group Specification",
   month = sep,
   year = 2018,
   url="https://www.etsi.org/deliver/etsi_gs/nfv-ifa/001_099/030/03.01.01_60/gs_nfv-ifa030v030101p.pdf"
}

@ARTICLE{7926921,
  author={J. {Ordonez-Lucena} and P. {Ameigeiras} and D. {Lopez} and J. J. {Ramos-Munoz} and J. {Lorca} and J. {Folgueira}},
  journal={IEEE Communications Magazine}, 
  title={Network Slicing for 5G with SDN/NFV: Concepts, Architectures, and Challenges}, 
  year={2017},
  volume={55},
  number={5},
  pages={80-87}}

@ARTICLE{8320765,
   author={I. {Afolabi} and T. {Taleb} and K. {Samdanis} and A. {Ksentini} and H. {Flinck}},
   title = {Network Slicing \& Softwarization: A Survey},
   journal = {IEEE Communications Surveys and Tutorials},
   year = 2018,
   volume = 20,
   number = 3,
   pages = "2429-2453",
}

@TECHREPORT{4G_LTE_E2E-NS,
   author = {{Telecom Infra Project}},
   title = {{Telecom Infra Project, Creating Ecosystems for End-to-End Network Slicing}},
   institution = {{Telecom Infra Project}},
   type = "White Paper",
   year = 2018,
   url={https://cdn.brandfolder.io/D8DI15S7/as/qcraft-9d31vs-exu2kb/E2ENS-Phase1_-_White_Paper_-_Telecom_Infra_Project.pdf}
}

@TECHREPORT{intel-aero-combrd,
   author = {{Intel Corporation}},
   title = {{Intel Aero Compute Board Hardware Features and Usage}},
   institution = {{Intel Corporation}},
   type = "Technical Guide",
   year = 2017,
   url={https://www.intel.com/content/dam/support/us/en/documents/drones/development-drones/intel-aero-compute-board-guide.pdf}
}

@misc{m.2083-0-201509,
  author       = {ITU-R},
  title        = {{Framework and overall objectives of the future development of IMT for 2020 and beyond}},
  month        = sep,
  year         = 2015,
  publisher    = {International Telecommunication Union},
  url          = {https://www.itu.int/dms_pubrec/itu-r/rec/m/R-REC-M.2083-0-201509-I!!PDF-E.pdf}
}

@TECHREPORT{view_5g_architecture,
   author = {{5G PPP Architecture Working Group}},
   title = {{5G PPP 5G Architecture}},
   institution = {{5G PPP Architecture Working Group}},
   type = "White Paper",
   month = jan,
   year = 2018,
   url={https://5g-ppp.eu/wp-content/uploads/2018/01/5G-PPP-5G-Architecture-White-Paper-Jan-2018-v2.0.pdf}
}

@TECHREPORT{3GPP_TS_22.261,
   author = "Alice Li",
   title = {{Service requirements for the 5G system}},
   institution = "3rd Generation Partnership Project",
   type = "Technical specification",
   address = "VODAFONE Group Plc",
   month = oct,
   year = 2016,
}

@misc{rfc7426,
	series =	{Request for Comments},
	number =	7426,
	howpublished =	{RFC 7426},
	publisher =	{RFC Editor},
	doi =		{10.17487/RFC7426},
	url =		{https://rfc-editor.org/rfc/rfc7426.txt},
        author =	{Evangelos Haleplidis and Kostas Pentikousis and Spyros Denazis and Jamal Hadi Salim and David Meyer and Odysseas Koufopavlou},
	title =		{{Software-Defined Networking (SDN): Layers and Architecture Terminology}},
	pagetotal =	35,
	year =		2015,
	month =		jan,
}

@INPROCEEDINGS{4287988,
  author={D. {Zhang} and D. {Ionescu}},
  booktitle={Eighth ACIS International Conference on Software Engineering, Artificial Intelligence, Networking, and Parallel/Distributed Computing (SNPD 2007)}, 
  title={QoS Performance Analysis in Deployment of DiffServ-aware MPLS Traffic Engineering}, 
  year={2007},
  volume={3},
  number={},
  pages={963-967},}

@INPROCEEDINGS{7939138,
  author={O. {Michel} and E. {Keller}},
  booktitle={2017 Fourth International Conference on Software Defined Systems (SDS)}, 
  title={SDN in wide-area networks: A survey}, 
  year={2017},
  volume={},
  number={},
  pages={37-42},}

@INPROCEEDINGS{8308427,
  author={E. K. {Ali} and M. {Manel} and Y. {Habib}},
  booktitle={2017 IEEE/ACS 14th International Conference on Computer Systems and Applications (AICCSA)}, 
  title={An Efficient MPLS-Based Source Routing Scheme in Software-Defined Wide Area Networks (SD-WAN)}, 
  year={2017},
  volume={},
  number={},
  pages={1205-1211},}

@misc{carlos_bernardos_2016_671636,
  author       = {Balazs Peter Gero and 
                  Manos Dramitinos and 
                  Carlos J. Bernardos and 
                  Aurora Ramos and 
                  Luis M. Contreras and 
                  Róbert Szabo and 
                  Riccardo Guerzoni and
                  Balazs Sonkoly and 
                  Alex Galis and 
                  Donal Morris and 
                  Barbara Martini and 
                  Javier Melian and 
                  Hakon Lonsethagen and 
                  Diego Daino and 
                  Gergely Biczok and 
                  Marco Di Girolamo and 
                  Francesco Tusa and 
                  George Darzanos and 
                  Ioanna Papafili and 
                  Andrea Sgambelluri and 
                  Olivier Dugeon and 
                  George D. Stamoulis and 
                  Miguel A. Carnero and 
                  Rafael Canto and 
                  Francisco Valera and 
                  Alberto Garcia and 
                  Hagen Woesner and 
                  Juhoon Kim and 
                  Fabio Ubaldi},
  title        = {{Deliverable 2.1 5GEx Initial System Requirements and Architecture}},
  month        = dec,
  year         = 2016,
  version      = {v2.1},
  pages        = 210,
  url          = {https://bscw.5g-ppp.eu/pub/bscw.cgi/d139873/5GEx_D2.1v1.1_public_version.pdf}
}

@misc{diego_lopez_2018_732497,
  author       = {Diego R. López and 
                  Juan Rodríguez Martínez and 
                  Borja Nogales Dorado and 
                  Iván Vidal Fernández and 
                  Aloizio P. Silva and 
                  Diogo Gomes and 
                  Eduardo Sousa and
                  Flávio de Oliveira Silva},
  title        = {{D4.2 - Intermediate Report on the MANO Platform}},
  month        = jan,
  year         = 2018,
  version      = {v1.0},
  pages        = 43,
  doi          = {10.18153/5IF-732497-D4_2},
  url          = {https://bscw.5g-ppp.eu/pub/bscw.cgi/d139873/5GEx_D2.1v1.1_public_version.pdf}
}

@misc{adrian_gallego_2019_2668763,
  author       = {Adrián Gallego and
                  Ahmed Elmokashfi and
                  Andres J. Gonzalez and
                  Carmen Guerrero and
                  Christos Politis and
                  Christos Tranoris and
                  Costas Kalogiros and
                  Dan Warren and
                  Diego R. Lopez and
                  Dimitrios Kritharidis and
                  Foivos Michelinakis and
                  George D. Stamoulis and
                  Joao Rodrigues and
                  Jorge Carapinha and
                  Jose Ordonez-Lucena and
                  Kashif Mahmood and
                  Konstantinos Liolis and
                  Intracom Telecom and
                  Michael Pauls and
                  Min Xie and
                  Pål Grønsund and
                  Paul Muschamp and
                  Puneet Gupta and
                  Riccardo Trivisonno and
                  Thomas Briedigkeit and
                  Vasileios Theodorou and
                  Wint Yi Poe and
                  Yue Wang},
  title        = {{D1.2 Design of network slicing and supporting 
                   systems}},
  month        = mar,
  year         = 2019,
  publisher    = {Zenodo},
  version      = {v1},
  pages        = 65,
  doi          = {10.5281/zenodo.2668763},
  url          = {https://bscw.5g-ppp.eu/pub/bscw.cgi/229119}
}

@misc{adrian_gallego_sanchez_2019_3345599,
  author       = {Adrián Gallego Sánchez and
                  Ahmed Elmokashfi and
                  Andres J. Gonzalez and
                  Carlos Parada and
                  Carmen Guerrero and
                  Christos Politis and
                  Christos Tranoris and
                  Dimitrios Kritharidis and
                  Foivos Michelinakis and
                  Ishan Vaishnavi and
                  João Rodrigues and
                  Jorge Carapinha and
                  Jose Ordonez-Lucena and
                  Konstantinos Liolis and
                  Konstantinos Stamatis and
                  Konstantinos V. Katsaros and
                  Pål Grønsund and
                  Robert Lagerholm and
                  Vasileios Theodorou and
                  Wint Yi Poe and
                  Yue Wang},
  title        = {{D1.3 Design for systems and interfaces for slice 
                   operation v1}},
  month        = jul,
  year         = 2019,
  publisher    = {Zenodo},
  doi          = {10.5281/zenodo.3345599},
  url          = {https://doi.org/10.5281/zenodo.3345599}
}

@misc{jan_pitter_2019_2668791,
  author       = {Jan Pitter and
                  Kashif Mahmood and
                  Paul Muschamp and
                  Carmen Guerrero and
                  Christos Tranoris and
                  Jorge Carapinha and
                  Marius-Iulian Corici and
                  Zsolt Szabo and
                  Joseph Eichinger and
                  Konstantinos Liolis and
                  Marcello Monachesi and
                  Eric Troudt and
                  Pal Gronsund and
                  Puneet Gupta and
                  Robert Lagerholm and
                  Nokia and
                  Marius Corici and
                  Osama Abboud and
                  Xun Xiao and
                  Mohamed Gharba and
                  Artur Hecker and
                  Carlos Parada and
                  Francisco Fontes and
                  José Bonnet and
                  Alberto Rocha and
                  Victor Marques and
                  Hélder Alves and
                  Christos Politis and
                  Francisco Paisana and
                  Panagiotis Papaioannou and
                  Adrián Gallego and
                  Intracom Telecom and
                  Diego R. López},
  title        = {{D2.1 5G-VINNI Solution Facility-sites High Level 
                   Design (HLD)}},
  month        = mar,
  year         = 2019,
  publisher    = {Zenodo},
  doi          = {10.5281/zenodo.2668791},
  url          = {https://doi.org/10.5281/zenodo.2668791}
}

@misc{paul_deans_2019_3460452,
  author       = {Paul Deans and
                  Dag Tørnes and
                  Martyn Everett and
                  Tom-Kristian Berg and
                  Dan Warren and
                  Julian Carter and
                  Andres Gonzalez},
  title        = {{D2.4 5G-VINNI Solution facilities Operation \& 
                   Maintenance documentation - v1}},
  month        = sep,
  year         = 2019,
  publisher    = {Zenodo},
  doi          = {10.5281/zenodo.3460452},
  url          = {https://doi.org/10.5281/zenodo.3460452}
}

@misc{andrea_f_cattoni_2019_3345612,
  author       = {Andrea F. Cattoni and
                  Andres J. Gonzalez and
                  Artur Hecker and
                  Carmen Guerrero and
                  Christos Politis and
                  Christos Tranoris and
                  Joao Rodrigues and
                  Jorge Carapinha and
                  Jose Ordonez-Lucena and
                  Michael Pauls and
                  Min Xie and
                  Osama Abboud and
                  Pål Grønsund and
                  Paul Muschamp and
                  Wint Yi Poe and
                  Huawei and
                  Yue Wang},
  title        = {{D3.1 Specification of services delivered by each 
                   of the 5G-VINNI facilities}},
  month        = jun,
  year         = 2019,
  publisher    = {Zenodo},
  doi          = {10.5281/zenodo.3345612},
  url          = {https://doi.org/10.5281/zenodo.3345612}
}

@misc{christos_tranoris_2019_3345620,
  author       = {Christos Tranoris and
                  Corici Marius-Iulian and
                  Briedigkeit Thomas and
                  Chowdhury Ananya and
                  Szabó Zsolt and
                  Paul Muschamp and
                  Carlos Parada and
                  José Bonnet and
                  Jorge Carapinha and
                  Jose Ordonez-Lucena and
                  Sonia Fernández and
                  Andres Gonzales and
                  Pål Grønsund and
                  Min Xie and
                  Rodrigues Joao A. and
                  Ghosh Tirthankar and
                  Carmen Guerrero and
                  Adrián Gallego and
                  Artur Hecker and
                  Xun Xiao and
                  Osama Abboud},
  title        = {{D3.2 Publication of first version of service 
                   catalogues to vertical consumers}},
  month        = jul,
  year         = 2019,
  publisher    = {Zenodo},
  doi          = {10.5281/zenodo.3345620},
  url          = {https://doi.org/10.5281/zenodo.3345620}
}

@misc{jorge_carapinhas_2019_3460441,
  author       = {Jorge Carapinhas and
                  Mona Ghassemian and
                  Tirthankar Ghosh and
                  Andres J. Gonzalez and
                  Carmen Guerrero and
                  Hakon Lonsethagen and
                  Paul Muschamp and
                  Jose Ordonez-Lucena and
                  Joao Rodrigues and
                  Christos Tranoris and
                  Dan Warren and
                  Carl Williams and
                  Min Xie},
  title        = {{D3.3 Publication of service catalogues including 
                   E2E services across multiple operator domains}},
  month        = sep,
  year         = 2019,
  publisher    = {Zenodo},
  doi          = {10.5281/zenodo.3460441},
  url          = {https://doi.org/10.5281/zenodo.3460441}
}

@misc{ole_grondalen_2019_3345626,
  author       = {Ole Grøndalen and
                  Michael Dieudonné and
                  Lars Mikkelsen and
                  Sonia Fernández Tejería and
                  Mohammad Othman and
                  Haitao Shi and
                  Andrea F. Cattoni and
                  Ahmed Elmokashfi},
  title        = {{D4.1 Initial report on test-plan creation and 
                   methodology, and development of test orchestration
                   framework}},
  month        = jul,
  year         = 2019,
  publisher    = {Zenodo},
  doi          = {10.5281/zenodo.3345626},
  url          = {https://doi.org/10.5281/zenodo.3345626}
}

@misc{george_darzanos_2019_3345665,
  author       = {George Darzanos and
                  Costas Kalogiros and
                  Katia Papakonstantinopoulou and
                  George Stamoulis and
                  George Zois and
                  Paul Muschamp and
                  Giuseppa Caruso and
                  Anastasius Gavras and
                  Maria Barros Weiss and
                  Hanne Kristine Hallingby and
                  Håkon Lønsethagen and
                  Diego Lopez and
                  Jose A. Ordoñez-Lucena},
  title        = {{D5.1 Ecosystem analysis and specification of B\&E 
                   KPIs}},
  month        = jul,
  year         = 2019,
  publisher    = {Zenodo},
  doi          = {10.5281/zenodo.3345665},
  url          = {https://doi.org/10.5281/zenodo.3345665}
}

@misc{costas_kalogiros_2020_3928280,
  author       = {Costas Kalogiros and
                  George Darzanos and
                  George Stamoulis and
                  Katia Papakonstantinopoulou and
                  George Zois and
                  Giuseppa Caruso and
                  Hanne-Stine Hallingby and
                  Paul Muschamp and
                  Anastasius Gavras and
                  Maria Barros Weiss},
  title        = {{D5.2 Business requirements and fundamentals of the 
                   5G-VINNI Business Layer}},
  month        = jul,
  year         = 2020,
  publisher    = {Zenodo},
  doi          = {10.5281/zenodo.3928280},
  url          = {https://doi.org/10.5281/zenodo.3928280}
}

@misc{anastasius_gavras_2019_2668926,
  author       = {Anastasius Gavras},
  title        = {D6.4 Data Management Plan},
  month        = jan,
  year         = 2019,
  note         = {{List of authors: Eurescom GmbH, Anastasius Gavras 
                   --> Initial draft, final version All .-->
                   Individual contributions and comments on specific
                   issues.}},
  publisher    = {Zenodo},
  version      = {1.0},
  doi          = {10.5281/zenodo.2668926},
  url          = {https://doi.org/10.5281/zenodo.2668926}
}

@ARTICLE{impl-analysis-rtsp,
   author = {Iván Santos-González, Alexandra Rivero-García, Jezabel Molina-Gil, Pino Caballero-Gil},
   title = {Implementation and Analysis of Real-Time Streaming Protocols},
   journal = {Sensors 2017},
   year = 2017,
   volume = 41,
   number = 7,
   pages = "73+",
   month = apr,
   url = doi:10.3390/s17040846,
}

---------------------------------------------------------------------------------------------------------------------------------------------------------

@ARTICLE{article-minimal,
   author = {L[eslie] A. Aamport},
   title = {The Gnats and Gnus Document Preparation System},
   journal = {\mbox{G-Animal's} Journal},
   year = 1986,
}



The KEY field is here to override the KEY field in the journal being
cross referenced (so is the NOTE field, in addition to its imparting
information).

@ARTICLE{article-crossref,
   crossref = {WHOLE-JOURNAL},
   key = "",
   author = {L[eslie] A. Aamport},
   title = {The Gnats and Gnus Document Preparation System},
   pages = "73+",
   note = "This is a cross-referencing ARTICLE entry",
}

@ARTICLE{whole-journal,
   key = "GAJ",
   journal = {\mbox{G-Animal's} Journal},
   year = 1986,
   volume = 41,
   number = 7,
   month = jul,
   note = {The entire issue is devoted to gnats and gnus
		(this entry is a cross-referenced ARTICLE (journal))},
}

@INBOOK{inbook-minimal,
   author = "Donald E. Knuth",
   title = "Fundamental Algorithms",
   publisher = "Addison-Wesley",
   year = "{\noopsort{1973b}}1973",
   chapter = "1.2",
}

@INBOOK{inbook-full,
   author = "Donald E. Knuth",
   title = "Fundamental Algorithms",
   volume = 1,
   series = "The Art of Computer Programming",
   publisher = "Addison-Wesley",
   address = "Reading, Massachusetts",
   edition = "Second",
   month = "10~" # jan,
   year = "{\noopsort{1973b}}1973",
   type = "Section",
   chapter = "1.2",
   pages = "10--119",
   note = "This is a full INBOOK entry",
}

@INBOOK{inbook-crossref,
   crossref = "whole-set",
   title = "Fundamental Algorithms",
   volume = 1,
   series = "The Art of Computer Programming",
   edition = "Second",
   year = "{\noopsort{1973b}}1973",
   type = "Section",
   chapter = "1.2",
   note = "This is a cross-referencing INBOOK entry",
}

@BOOK{book-minimal,
   author = "Donald E. Knuth",
   title = "Seminumerical Algorithms",
   publisher = "Addison-Wesley",
   year = "{\noopsort{1973c}}1981",
}

@BOOK{book-full,
   author = "Donald E. Knuth",
   title = "Seminumerical Algorithms",
   volume = 2,
   series = "The Art of Computer Programming",
   publisher = "Addison-Wesley",
   address = "Reading, Massachusetts",
   edition = "Second",
   month = "10~" # jan,
   year = "{\noopsort{1973c}}1981",
   note = "This is a full BOOK entry",
}

@BOOK{book-crossref,
   crossref = "whole-set",
   title = "Seminumerical Algorithms",
   volume = 2,
   series = "The Art of Computer Programming",
   edition = "Second",
   year = "{\noopsort{1973c}}1981",
   note = "This is a cross-referencing BOOK entry",
}

@BOOK{whole-set,
   author = "Donald E. Knuth",
   publisher = "Addison-Wesley",
   title = "The Art of Computer Programming",
   series = "Four volumes",
   year = "{\noopsort{1973a}}{\switchargs{--90}{1968}}",
   note = "Seven volumes planned (this is a cross-referenced set of BOOKs)",
}

@BOOKLET{booklet-minimal,
   key = "Kn{\printfirst{v}{1987}}",
   title = "The Programming of Computer Art",
}

@BOOKLET{booklet-full,
   author = "Jill C. Knvth",
   title = "The Programming of Computer Art",
   howpublished = "Vernier Art Center",
   address = "Stanford, California",
   month = feb,
   year = 1988,
   note = "This is a full BOOKLET entry",
}

@INCOLLECTION{incollection-minimal,
   author = "Daniel D. Lincoll",
   title = "Semigroups of Recurrences",
   booktitle = "High Speed Computer and Algorithm Organization",
   publisher = "Academic Press",
   year = 1977,
}

@INCOLLECTION{incollection-full,
   author = "Daniel D. Lincoll",
   title = "Semigroups of Recurrences",
   editor = "David J. Lipcoll and D. H. Lawrie and A. H. Sameh",
   booktitle = "High Speed Computer and Algorithm Organization",
   number = 23,
   series = "Fast Computers",
   chapter = 3,
   type = "Part",
   pages = "179--183",
   publisher = "Academic Press",
   address = "New York",
   edition = "Third",
   month = sep,
   year = 1977,
   note = "This is a full INCOLLECTION entry",
}

@INCOLLECTION{incollection-crossref,
   crossref = "whole-collection",
   author = "Daniel D. Lincoll",
   title = "Semigroups of Recurrences",
   pages = "179--183",
   note = "This is a cross-referencing INCOLLECTION entry",
}

@BOOK{whole-collection,
   editor = "David J. Lipcoll and D. H. Lawrie and A. H. Sameh",
   title = "High Speed Computer and Algorithm Organization",
   booktitle = "High Speed Computer and Algorithm Organization",
   number = 23,
   series = "Fast Computers",
   publisher = "Academic Press",
   address = "New York",
   edition = "Third",
   month = sep,
   year = 1977,
   note = "This is a cross-referenced BOOK (collection) entry",
}

@MANUAL{manual-minimal,
   key = "Manmaker",
   title = "The Definitive Computer Manual",
}

@MANUAL{manual-full,
   author = "Larry Manmaker",
   title = "The Definitive Computer Manual",
   organization = "Chips-R-Us",
   address = "Silicon Valley",
   edition = "Silver",
   month = apr # "-" # may,
   year = 1986,
   note = "This is a full MANUAL entry",
}

@MASTERSTHESIS{mastersthesis-minimal,
   author = "{\'{E}}douard Masterly",
   title = "Mastering Thesis Writing",
   school = "Stanford University",
   year = 1988,
}

@MASTERSTHESIS{mastersthesis-full,
   author = "{\'{E}}douard Masterly",
   title = "Mastering Thesis Writing",
   school = "Stanford University",
   type = "Master's project",
   address = "English Department",
   month = jun # "-" # aug,
   year = 1988,
   note = "This is a full MASTERSTHESIS entry",
}

@MISC{misc-minimal,
   key = "Missilany",
   note = "This is a minimal MISC entry",
}

@MISC{misc-full,
   author = "Joe-Bob Missilany",
   title = "Handing out random pamphlets in airports",
   howpublished = "Handed out at O'Hare",
   month = oct,
   year = 1984,
   note = "This is a full MISC entry",
}

@STRING{STOC-key = "OX{\singleletter{stoc}}"}

@STRING{ACM = "The OX Association for Computing Machinery"}

@STRING{STOC = " Symposium on the Theory of Computing"}

@INPROCEEDINGS{inproceedings-minimal,
   author = "Alfred V. Oaho and Jeffrey D. Ullman and Mihalis Yannakakis",
   title = "On Notions of Information Transfer in {VLSI} Circuits",
   booktitle = "Proc. Fifteenth Annual ACM" # STOC,
   year = 1983,
}

@INPROCEEDINGS{inproceedings-full,
   author = "Alfred V. Oaho and Jeffrey D. Ullman and Mihalis Yannakakis",
   title = "On Notions of Information Transfer in {VLSI} Circuits",
   editor = "Wizard V. Oz and Mihalis Yannakakis",
   booktitle = "Proc. Fifteenth Annual ACM" # STOC,
   number = 17,
   series = "All ACM Conferences",
   pages = "133--139",
   month = mar,
   year = 1983,
   address = "Boston",
   organization = ACM,
   publisher = "Academic Press",
   note = "This is a full INPROCEDINGS entry",
}

@INPROCEEDINGS{inproceedings-crossref,
   crossref = "whole-proceedings",
   author = "Alfred V. Oaho and Jeffrey D. Ullman and Mihalis Yannakakis",
   title = "On Notions of Information Transfer in {VLSI} Circuits",
   organization = "",
   pages = "133--139",
   note = "This is a cross-referencing INPROCEEDINGS entry",
}

@PROCEEDINGS{proceedings-minimal,
   key = STOC-key,
   title = "Proc. Fifteenth Annual" # STOC,
   year = 1983,
}

@PROCEEDINGS{proceedings-full,
   editor = "Wizard V. Oz and Mihalis Yannakakis",
   title = "Proc. Fifteenth Annual" # STOC,
   number = 17,
   series = "All ACM Conferences",
   month = mar,
   year = 1983,
   address = "Boston",
   organization = ACM,
   publisher = "Academic Press",
   note = "This is a full PROCEEDINGS entry",
}

@PROCEEDINGS{whole-proceedings,
   key = STOC-key,
   organization = ACM,
   title = "Proc. Fifteenth Annual" # STOC,
   address = "Boston",
   year = 1983,
   booktitle = "Proc. Fifteenth Annual ACM" # STOC,
   note = "This is a cross-referenced PROCEEDINGS",
}

@PHDTHESIS{phdthesis-minimal,
   author = "F. Phidias Phony-Baloney",
   title = "Fighting Fire with Fire: Festooning {F}rench Phrases",
   school = "Fanstord University",
   year = 1988,
}

@PHDTHESIS{phdthesis-full,
   author = "F. Phidias Phony-Baloney",
   title = "Fighting Fire with Fire: Festooning {F}rench Phrases",
   school = "Fanstord University",
   type = "{PhD} Dissertation",
   address = "Department of French",
   month = jun # "-" # aug,
   year = 1988,
   note = "This is a full PHDTHESIS entry",
}

@TECHREPORT{techreport-minimal,
   author = "Tom Terrific",
   title = "An {$O(n \log n / \! \log\log n)$} Sorting Algorithm",
   institution = "Fanstord University",
   year = 1988,
}

@TECHREPORT{techreport-full,
   author = "Tom T{\'{e}}rrific",
   title = "An {$O(n \log n / \! \log\log n)$} Sorting Algorithm",
   institution = "Fanstord University",
   type = "Wishful Research Result",
   number = "7",
   address = "Computer Science Department, Fanstord, California",
   month = oct,
   year = 1988,
   note = "This is a full TECHREPORT entry",
}

@UNPUBLISHED{unpublished-minimal,
   author = "Ulrich {\"{U}}nderwood and Ned {\~N}et and Paul {\={P}}ot",
   title = "Lower Bounds for Wishful Research Results",
   note = "Talk at Fanstord University (this is a minimal UNPUBLISHED entry)",
}

@UNPUBLISHED{unpublished-full,
   author = "Ulrich {\"{U}}nderwood and Ned {\~N}et and Paul {\={P}}ot",
   title = "Lower Bounds for Wishful Research Results",
   month = nov # ", " # dec,
   year = 1988,
   note = "Talk at Fanstord University (this is a full UNPUBLISHED entry)",
}

@MISC{random-note-crossref,
   key = {Volume-2},
   note = "Volume~2 is listed under Knuth \cite{book-full}"
}